<record><leader>00000cas a22000007a 4500</leader><controlfield tag="001">12596279</controlfield><controlfield tag="008">850924d18731876ncuwr ne      0    0eng d</controlfield><datafield ind1=" " ind2=" " tag="010"><subfield code="a">sn 85026798 </subfield></datafield><datafield ind1=" " ind2=" " tag="040"><subfield code="a">NPX</subfield><subfield code="b">eng</subfield><subfield code="c">NPX</subfield><subfield code="d">NVJ</subfield><subfield code="d">OCLCQ</subfield></datafield><datafield ind1=" " ind2=" " tag="042"><subfield code="a">msc</subfield></datafield><datafield ind1="0" ind2=" " tag="130"><subfield code="a">Tribune (Henderson, N.C.)</subfield></datafield><datafield ind1="1" ind2="4" tag="245"><subfield code="a">The tribune.</subfield></datafield><datafield ind1=" " ind2=" " tag="260"><subfield code="a">Henderson, N.C. :</subfield><subfield code="b">Harrell &amp; Collins</subfield></datafield><datafield ind1=" " ind2=" " tag="300"><subfield code="a">v.</subfield></datafield><datafield ind1=" " ind2=" " tag="310"><subfield code="a">Weekly</subfield></datafield><datafield ind1="0" ind2=" " tag="362"><subfield code="a">Vol. 1, no. 1 (Feb. 27, 1873)-</subfield></datafield><datafield ind1="1" ind2=" " tag="362"><subfield code="a">Ceased in 1876?</subfield><subfield code="z">Cf. Gregory, W. Amer. newspapers.</subfield></datafield><datafield ind1=" " ind2=" " tag="752"><subfield code="a">United States</subfield><subfield code="b">North Carolina</subfield><subfield code="c">Vance</subfield><subfield code="d">Henderson.</subfield></datafield></record>